@misc{bib:pbl,
	title = "Problem Based Learning",
	howpublished = "https://www.pblworks.org/what-is-pbl",
	note = {[Cited 01/01/2022]}
}